% MeSH
@ARTICLE{Nelson2004,
    Author         = {S. J. Nelson and et al.},
    Journal        = {Stud. Health Technol. Inform.},
    Title          = {The MeSH translation maintenance system: structure, interface design, and implementation.},
    Year           = {2004},
    volume         = {107},
    OPTnumber      = {},
    pages          = {67-69}
}

% Gene Ontology
@ARTICLE{Ashburner2000,
    Author         = {M. Ashburner and et al.},
    Journal        = {Nat. Genet.},
    Title          = {Gene ontology: tool for the unification of biology. The Gene Ontology Consortium.},
    Year           = {2000},
    volume         = {25(1)},
    OPTnumber      = {},
    pages          = {25-29}
}

% BioCompass
@ARTICLE{Nakazato2007,
    Author         = {T. Nakazato and et al.},
    Journal        = {In Silico Biol.},
    Title          = {BioCompass: a novel functional inference tool that utilizes MeSH hierarchy to analyze groups of genes.},
    Year           = {2007},
    volume         = {8(1)},
    OPTnumber      = {},
    pages          = {53-61}
}

% Gendoo
@ARTICLE{Nakazato2009,
    Author         = {T. Nakazato and et al.},
    Journal        = {Nucleic Acids Res.},
    Title          = {Gendoo: functional profiling of gene and disease features using MeSH vocabulary.},
    Year           = {2009},
    volume         = {37},
    OPTnumber      = {},
    pages          = {W166-W169}
}

% GeneMeSH
@ARTICLE{Saurin2010,
    Author         = {D. J. Saurin and et al.},
    Journal        = {BMC Bioinformatics},
    Title          = {GeneMeSH: a web-based microarray analysis tool for relating differentially expressed genes to MeSH terms.},
    Year           = {2010},
    volume         = {11},
    OPTnumber      = {},
    pages          = {166}
}


% Metab2MeSH
@ARTICLE{Sartor2012,
    Author         = {M. A. Sartor and et al.},
    Journal        = {Bioinformatics},
    Title          = {Metab2MeSH: annotating compounds with medical subject headings.},
    Year           = {2012},
    volume         = {28(10)},
    OPTnumber      = {},
    pages          = {1408-1410}
}



@ARTICLE{Marioni08,
    Author         = {J. C. Marioni and et al.},
    Journal        = {Genome Res.},
    Title          = {{RNA-seq: an assessment of technical reproducibility and comparison with gene expression arrays.}},
    Year           = {2008},
    volume         = {18},
    OPTnumber      = {},
    pages          = {1509-1517}
}

@ARTICLE{Joshua08,
    Author         = {J. S. Bloom and et al.},
    Journal        = {BMC Genomics},
    Title          = {{Measuring differential gene expression by short read sequencing: quantitative comparison to 2-channel gene expression microarrays.}},
    Year           = {2009},
    volume         = {10},
    OPTnumber      = {},
    pages          = {221}
}

@ARTICLE{Benjamini95,
    Author         = {Y. Benjamini and Y. Hochberg},
    Journal        = {J. R. Stat. Soc. Ser. B},
    Title          = {Controlling the false discovery rate: a practical and
                      powerful approach to multiple testing},
    Year           = {1995},
    volume         = {57},
    OPTnumber      = {},
    pages          = {289-300}
}

@ARTICLE{Storey03,
    Author         = {J. D. Storey and R. Tibshirani},
    Journal        = {Proc. Natl. Acad. Sci.},
    Title          = {Statistical significance for genomewide studies.},
    Year           = {2003},
    volume         = {100},
    OPTnumber      = {},
    pages          = {9440-9445}
}

@ARTICLE{Wang09,
    Author         = {L. K. Wang and et al.},
    Journal        = {Bioinformatics},
    Title          = {{DEGseq: an R package to identify differentially expressed genes from RNA-seq data.}},
    Year           = {2010},
    volume         = {26},
    OPTnumber      = {},
    pages          = {136-138}
}

@ARTICLE{Tusher01,
    Author         = {V. G. Tusher and et al.},
    Journal        = {PNAS},
    Title          = {{Significance analysis of microarrays applied to the ionizing radiation response.}},
    Year           = {2001},
    volume         = {98},
    OPTnumber      = {},
    pages          = {5116-5121}
}

@ARTICLE{Yang02,
    Author         = {Y. H. Yang and et al.},
    Journal        = {Nucleic Acids Research},
    Title          = {{Normalization for cDNA microarray data: a robust composite method addressing single and multiple slide systematic variation.}},
    Year           = {2002},
    volume         = {30},
    OPTnumber      = {},
    pages          = {e15}
}

@ARTICLE{Jiang09,
    Author         = {H. Jiang and et al.},
    Journal        = {Bioinformatics},
    Title          = {{Statistical inferences for isoform expression in RNA-Seq.}},
    Year           = {2009},
    volume         = {25},
    OPTnumber      = {},
    pages          = {1026-1032}
}

@ARTICLE{Robinson07,
    Author         = {M. D. Robinson and et al.},
    Journal        = {Bioinformatics},
    Title          = {{Moderated statistical tests for assessing differences in tag abundance.}},
    Year           = {2007},
    volume         = {23},
    OPTnumber      = {},
    pages          = {2881-2887}
}

@ARTICLE{Robinson09,
    Author         = {M. D. Robinson and et al.},
    Journal        = {Bioconductor},
    Title          = {{edgeR: Empirical analysis of digital gene expression data in R.}},
    Year           = {2009},
    volume         = {},
    OPTnumber      = {},
    pages          = {}
}